<record><leader>00000cas a2200000 a 4500</leader><controlfield tag="001">12495921</controlfield><controlfield tag="008">850906d19851997iluwr ne      0   a0eng c</controlfield><datafield ind1=" " ind2=" " tag="010"><subfield code="a">sn 85009317 </subfield></datafield><datafield ind1=" " ind2=" " tag="040"><subfield code="a">NSD</subfield><subfield code="b">eng</subfield><subfield code="c">NSD</subfield><subfield code="d">NVF</subfield><subfield code="d">NSD</subfield><subfield code="d">OCLCQ</subfield><subfield code="d">NVF</subfield><subfield code="d">OCLCQ</subfield><subfield code="d">NVF</subfield><subfield code="d">OCLCQ</subfield><subfield code="d">OCLCF</subfield><subfield code="d">OCLCO</subfield></datafield><datafield ind1="1" ind2=" " tag="022"><subfield code="a">0884-8904</subfield><subfield code="l">0884-8904</subfield><subfield code="2">1</subfield></datafield><datafield ind1="1" ind2=" " tag="029"><subfield code="a">AU@</subfield><subfield code="b">000024690013</subfield></datafield><datafield ind1=" " ind2=" " tag="042"><subfield code="a">nsdp</subfield><subfield code="a">pcc</subfield></datafield><datafield ind1=" " ind2=" " tag="043"><subfield code="a">n-us-il</subfield></datafield><datafield ind1=" " ind2="0" tag="222"><subfield code="a">West Salem times advocate</subfield></datafield><datafield ind1="0" ind2="0" tag="245"><subfield code="a">West Salem times advocate.</subfield></datafield><datafield ind1="1" ind2="7" tag="246"><subfield code="a">Times advocate</subfield></datafield><datafield ind1=" " ind2=" " tag="260"><subfield code="a">West Salem, Ill. :</subfield><subfield code="b">Harry E. Bradham,</subfield><subfield code="c">1985-1997.</subfield></datafield><datafield ind1=" " ind2=" " tag="300"><subfield code="a">v.</subfield></datafield><datafield ind1=" " ind2=" " tag="310"><subfield code="a">Weekly</subfield></datafield><datafield ind1="0" ind2=" " tag="362"><subfield code="a">Vol. 85, no. 27 (Aug. 5, 1985)-v. 98, no. 2 (Feb. 14, 1997).</subfield></datafield><datafield ind1=" " ind2="0" tag="651"><subfield code="a">West Salem (Ill.)</subfield><subfield code="v">Newspapers.</subfield></datafield><datafield ind1=" " ind2="7" tag="655"><subfield code="a">Newspapers.</subfield><subfield code="2">fast</subfield><subfield code="0">(OCoLC)fst01423814</subfield></datafield><datafield ind1=" " ind2="7" tag="651"><subfield code="a">Illinois</subfield><subfield code="z">West Salem.</subfield><subfield code="2">fast</subfield><subfield code="0">(OCoLC)fst01875517</subfield></datafield><datafield ind1=" " ind2=" " tag="752"><subfield code="a">United States</subfield><subfield code="b">Illinois</subfield><subfield code="c">Edwards</subfield><subfield code="d">West Salem.</subfield></datafield><datafield ind1="0" ind2=" " tag="775"><subfield code="t">Independent times advocate</subfield><subfield code="w">(DLC)sn 91054098</subfield><subfield code="w">(OCoLC)24032664</subfield></datafield><datafield ind1="0" ind2="0" tag="780"><subfield code="t">West Salem advocate</subfield><subfield code="x">8750-9253</subfield><subfield code="w">(DLC)sn 85009366</subfield><subfield code="w">(OCoLC)11935651</subfield></datafield><datafield ind1="0" ind2="0" tag="785"><subfield code="t">Edwards County times advocate</subfield><subfield code="x">1093-5312</subfield><subfield code="w">(DLC)sn 97001617</subfield><subfield code="w">(OCoLC)36723220</subfield></datafield></record>